<?xml version="1.0" encoding="UTF-8"?>
  <record xmlns="http://www.loc.gov/MARC21/slim" type="Authority">
    <leader>00000nz  a2200000nc 4500</leader>
    <controlfield tag="001">124896383</controlfield>
    <controlfield tag="003">DE-101</controlfield>
    <controlfield tag="005">20220311163649.0</controlfield>
    <controlfield tag="008">030807n||aznnnaabn           | aaa    |c</controlfield>
    <datafield tag="024" ind1="7" ind2=" ">
      <subfield code="a">124896383</subfield>
      <subfield code="0">http://d-nb.info/gnd/124896383</subfield>
      <subfield code="2">gnd</subfield>
    </datafield>
    <datafield tag="035" ind1=" " ind2=" ">
      <subfield code="a">(DE-101)124896383</subfield>
    </datafield>
    <datafield tag="035" ind1=" " ind2=" ">
      <subfield code="a">(DE-588)124896383</subfield>
    </datafield>
    <datafield tag="035" ind1=" " ind2=" ">
      <subfield code="z">(DE-588a)124896383</subfield>
      <subfield code="9">v:zg</subfield>
    </datafield>
    <datafield tag="040" ind1=" " ind2=" ">
      <subfield code="a">DE-12</subfield>
      <subfield code="c">DE-12</subfield>
      <subfield code="9">r:DE-12</subfield>
      <subfield code="b">ger</subfield>
      <subfield code="d">9999</subfield>
    </datafield>
    <datafield tag="042" ind1=" " ind2=" ">
      <subfield code="a">gnd1</subfield>
    </datafield>
    <datafield tag="075" ind1=" " ind2=" ">
      <subfield code="b">p</subfield>
      <subfield code="2">gndgen</subfield>
    </datafield>
    <datafield tag="075" ind1=" " ind2=" ">
      <subfield code="b">piz</subfield>
      <subfield code="2">gndspec</subfield>
    </datafield>
    <datafield tag="079" ind1=" " ind2=" ">
      <subfield code="a">g</subfield>
      <subfield code="q">a</subfield>
      <subfield code="q">f</subfield>
      <subfield code="u">v</subfield>
    </datafield>
    <datafield tag="100" ind1="1" ind2=" ">
      <subfield code="a">Tectander, Georg</subfield>
      <subfield code="d">1581-1614</subfield>
    </datafield>
    <datafield tag="375" ind1=" " ind2=" ">
      <subfield code="a">1</subfield>
      <subfield code="2">iso5218</subfield>
    </datafield>
    <datafield tag="400" ind1="1" ind2=" ">
      <subfield code="a">Tectander, George</subfield>
      <subfield code="d">1581-1614</subfield>
    </datafield>
    <datafield tag="400" ind1="1" ind2=" ">
      <subfield code="a">Tectander, Georgius</subfield>
      <subfield code="d">1581-1614</subfield>
    </datafield>
    <datafield tag="400" ind1="0" ind2=" ">
      <subfield code="a">Tectander von der Jabel</subfield>
      <subfield code="d">1581-1614</subfield>
    </datafield>
    <datafield tag="400" ind1="1" ind2=" ">
      <subfield code="a">Tectandrus, Georgius</subfield>
      <subfield code="d">1581-1614</subfield>
    </datafield>
    <datafield tag="400" ind1="1" ind2=" ">
      <subfield code="a">Tecdandrus, Georgius</subfield>
      <subfield code="d">1581-1614</subfield>
    </datafield>
    <datafield tag="400" ind1="1" ind2=" ">
      <subfield code="a">Tectander von der Jabel, Georg</subfield>
      <subfield code="d">1581-1614</subfield>
    </datafield>
    <datafield tag="400" ind1="1" ind2=" ">
      <subfield code="a">Jabel, Georg Tecdandrus &#152;von der&#156;</subfield>
      <subfield code="d">1581-1614</subfield>
    </datafield>
    <datafield tag="400" ind1="1" ind2=" ">
      <subfield code="a">Tecdander, Georgius</subfield>
      <subfield code="d">1581-1614</subfield>
    </datafield>
    <datafield tag="400" ind1="1" ind2=" ">
      <subfield code="a">Jabel, Georg T.</subfield>
      <subfield code="d">1581-1614</subfield>
    </datafield>
    <datafield tag="400" ind1="1" ind2=" ">
      <subfield code="a">Tiktāndir, Žurž</subfield>
      <subfield code="d">1581-1614</subfield>
    </datafield>
    <datafield tag="400" ind1="0" ind2=" ">
      <subfield code="a">Žurž Tiktāndir fun dir Yābil</subfield>
      <subfield code="d">1581-1614</subfield>
    </datafield>
    <datafield tag="400" ind1="1" ind2=" ">
      <subfield code="a">Taktāndar, Žurž</subfield>
      <subfield code="d">1581-1614</subfield>
    </datafield>
    <datafield tag="400" ind1="1" ind2=" ">
      <subfield code="a">Taktāndar fun dar Yābil, Žurž</subfield>
      <subfield code="d">1581-1614</subfield>
    </datafield>
    <datafield tag="400" ind1="0" ind2=" ">
      <subfield code="a">Žurž Taktāndar fun dar Yābil</subfield>
      <subfield code="d">1581-1614</subfield>
    </datafield>
    <datafield tag="400" ind1="1" ind2=" ">
      <subfield code="a">Tektānder, Žorž</subfield>
      <subfield code="d">1581-1614</subfield>
    </datafield>
    <datafield tag="400" ind1="1" ind2=" ">
      <subfield code="a">Tektānder fon der Yābel, Žorž</subfield>
      <subfield code="d">1581-1614</subfield>
    </datafield>
    <datafield tag="400" ind1="0" ind2=" ">
      <subfield code="a">Žorž Tektānder fon der Yābel</subfield>
      <subfield code="d">1581-1614</subfield>
    </datafield>
    <datafield tag="400" ind1="1" ind2=" ">
      <subfield code="a">Tektander fon der Jabel', Georg</subfield>
      <subfield code="d">1581-1614</subfield>
    </datafield>
    <datafield tag="400" ind1="1" ind2=" ">
      <subfield code="a">Tektander, Georg</subfield>
      <subfield code="d">1581-1614</subfield>
    </datafield>
    <datafield tag="400" ind1="1" ind2=" ">
      <subfield code="a">Tectander, György</subfield>
      <subfield code="d">1581-1614</subfield>
    </datafield>
    <datafield tag="400" ind1="1" ind2=" ">
      <subfield code="a">Tecdandrus von der Jabel, Georgius</subfield>
      <subfield code="d">1581-1614</subfield>
    </datafield>
    <datafield tag="400" ind1="1" ind2=" ">
      <subfield code="a">Tiktāndir fun dir Yābil, Žurž</subfield>
      <subfield code="d">1581-1614</subfield>
    </datafield>
    <datafield tag="400" ind1="1" ind2=" ">
      <subfield code="9">U:Arab</subfield>
      <subfield code="9">L:per</subfield>
      <subfield code="a">ژرژ, تکتاندر فن در یابل</subfield>
      <subfield code="d">1581-1614</subfield>
    </datafield>
    <datafield tag="400" ind1="0" ind2=" ">
      <subfield code="9">U:Arab</subfield>
      <subfield code="9">L:per</subfield>
      <subfield code="a">ژرژ تکتاندر فن در یابل</subfield>
      <subfield code="d">1581-1614</subfield>
    </datafield>
    <datafield tag="400" ind1="1" ind2=" ">
      <subfield code="9">U:Cyrl</subfield>
      <subfield code="9">L:rus</subfield>
      <subfield code="a">Тектандер фон дер Ябель, Георг</subfield>
      <subfield code="d">1581-1614</subfield>
    </datafield>
    <datafield tag="500" ind1="1" ind2=" ">
      <subfield code="0">(DE-101)120213346</subfield>
      <subfield code="0">(DE-588)120213346</subfield>
      <subfield code="0">https://d-nb.info/gnd/120213346</subfield>
      <subfield code="a">Tectander, Martin</subfield>
      <subfield code="d">1553-1631</subfield>
      <subfield code="4">bezf</subfield>
      <subfield code="4">https://d-nb.info/standards/elementset/gnd#familialRelationship</subfield>
      <subfield code="w">r</subfield>
      <subfield code="i">Beziehung familiaer</subfield>
      <subfield code="e">Beziehung familiaer</subfield>
      <subfield code="9">v:Vater</subfield>
    </datafield>
    <datafield tag="548" ind1=" " ind2=" ">
      <subfield code="a">1581-1614</subfield>
      <subfield code="4">datl</subfield>
      <subfield code="4">https://d-nb.info/standards/elementset/gnd#dateOfBirthAndDeath</subfield>
      <subfield code="w">r</subfield>
      <subfield code="i">Lebensdaten</subfield>
    </datafield>
    <datafield tag="550" ind1=" " ind2=" ">
      <subfield code="0">(DE-101)040124010</subfield>
      <subfield code="0">(DE-588)4012401-0</subfield>
      <subfield code="0">https://d-nb.info/gnd/4012401-0</subfield>
      <subfield code="a">Diplomat</subfield>
      <subfield code="4">berc</subfield>
      <subfield code="4">https://d-nb.info/standards/elementset/gnd#professionOrOccupation</subfield>
      <subfield code="w">r</subfield>
      <subfield code="i">Charakteristischer Beruf</subfield>
    </datafield>
    <datafield tag="550" ind1=" " ind2=" ">
      <subfield code="0">(DE-101)040124010</subfield>
      <subfield code="0">(DE-588)4012401-0</subfield>
      <subfield code="0">https://d-nb.info/gnd/4012401-0</subfield>
      <subfield code="a">Diplomat</subfield>
      <subfield code="4">beru</subfield>
      <subfield code="4">https://d-nb.info/standards/elementset/gnd#professionOrOccupation</subfield>
      <subfield code="w">r</subfield>
      <subfield code="i">Beruf</subfield>
    </datafield>
    <datafield tag="550" ind1=" " ind2=" ">
      <subfield code="0">(DE-101)972491627</subfield>
      <subfield code="0">(DE-588)4798807-1</subfield>
      <subfield code="0">https://d-nb.info/gnd/4798807-1</subfield>
      <subfield code="a">Reiseschriftsteller</subfield>
      <subfield code="4">beru</subfield>
      <subfield code="4">https://d-nb.info/standards/elementset/gnd#professionOrOccupation</subfield>
      <subfield code="w">r</subfield>
      <subfield code="i">Beruf</subfield>
    </datafield>
    <datafield tag="550" ind1=" " ind2=" ">
      <subfield code="0">(DE-101)04191015X</subfield>
      <subfield code="0">(DE-588)4191015-1</subfield>
      <subfield code="0">https://d-nb.info/gnd/4191015-1</subfield>
      <subfield code="a">Zollbeamter</subfield>
      <subfield code="4">beru</subfield>
      <subfield code="4">https://d-nb.info/standards/elementset/gnd#professionOrOccupation</subfield>
      <subfield code="w">r</subfield>
      <subfield code="i">Beruf</subfield>
    </datafield>
    <datafield tag="551" ind1=" " ind2=" ">
      <subfield code="0">(DE-101)042864097</subfield>
      <subfield code="0">(DE-588)4286409-4</subfield>
      <subfield code="0">https://d-nb.info/gnd/4286409-4</subfield>
      <subfield code="a">Deutsch-Gabel</subfield>
      <subfield code="4">ortg</subfield>
      <subfield code="4">https://d-nb.info/standards/elementset/gnd#placeOfBirth</subfield>
      <subfield code="w">r</subfield>
      <subfield code="i">Geburtsort</subfield>
    </datafield>
    <datafield tag="551" ind1=" " ind2=" ">
      <subfield code="0">(DE-101)04004968X</subfield>
      <subfield code="0">(DE-588)4004968-1</subfield>
      <subfield code="0">https://d-nb.info/gnd/4004968-1</subfield>
      <subfield code="a">Bautzen</subfield>
      <subfield code="4">ortw</subfield>
      <subfield code="4">https://d-nb.info/standards/elementset/gnd#placeOfActivity</subfield>
      <subfield code="w">r</subfield>
      <subfield code="i">Wirkungsort</subfield>
    </datafield>
    <datafield tag="667" ind1=" " ind2=" ">
      <subfield code="a">12</subfield>
    </datafield>
    <datafield tag="667" ind1=" " ind2=" ">
      <subfield code="a">7</subfield>
    </datafield>
    <datafield tag="667" ind1=" " ind2=" ">
      <subfield code="a">384</subfield>
    </datafield>
    <datafield tag="667" ind1=" " ind2=" ">
      <subfield code="a">VD-17</subfield>
    </datafield>
    <datafield tag="670" ind1=" " ind2=" ">
      <subfield code="a">WBIS (uneinheitlich)</subfield>
    </datafield>
    <datafield tag="670" ind1=" " ind2=" ">
      <subfield code="a">Wikipedia</subfield>
      <subfield code="u">https://ru.wikipedia.org/wiki/%D0%A2%D0%B5%D0%BA%D1%82%D0%B0%D0%BD%D0%B4%D0%B5%D1%80_%D1%84%D0%BE%D0%BD_%D0%B4%D0%B5%D1%80_%D0%AF%D0%B1%D0%B5%D0%BB%D1%8C,_%D0%93%D0%B5%D0%BE%D1%80%D0%B3</subfield>
    </datafield>
    <datafield tag="670" ind1=" " ind2=" ">
      <subfield code="a">EIr, "Germany : v. German travelers and explorers in Persia"</subfield>
    </datafield>
    <datafield tag="670" ind1=" " ind2=" ">
      <subfield code="a">Roschanzamir, Mehdi: "Die Anfänge der deutsch-iranischen Beziehungen", S. 38 f. (in: Spektrum Iran 2, 1991 (Jg. 4)</subfield>
      <subfield code="u">http://spektrum.irankultur.com/wp-content/uploads/2013/04/Die-Anf%C3%A4nge-der-deutsch-iranischen-Beziehungen.pdf</subfield>
    </datafield>
    <datafield tag="670" ind1=" " ind2=" ">
      <subfield code="a">Internetseite "Visions of Azerbaijan"</subfield>
      <subfield code="u">http://www.visions.az/history,350/</subfield>
    </datafield>
    <datafield tag="672" ind1=" " ind2="0">
      <subfield code="a">Iter persicum ... welche Stefano Kakasch angefangen ...</subfield>
      <subfield code="f">1610</subfield>
    </datafield>
    <datafield tag="672" ind1=" " ind2="0">
      <subfield code="a">Iter persicum ... welche Stefano Kakasch angefangen ...</subfield>
      <subfield code="f">1609</subfield>
    </datafield>
    <datafield tag="672" ind1=" " ind2="0">
      <subfield code="a">Iter persicum</subfield>
      <subfield code="f">1610</subfield>
    </datafield>
    <datafield tag="672" ind1=" " ind2="0">
      <subfield code="a">Kakasch, Stephan: Iter persicum</subfield>
      <subfield code="f">1609</subfield>
    </datafield>
    <datafield tag="672" ind1=" " ind2="0">
      <subfield code="a">Kakasch, Stephan: Iter Persicum</subfield>
      <subfield code="f">1610</subfield>
    </datafield>
    <datafield tag="672" ind1=" " ind2="0">
      <subfield code="a">Ītir pirsīkūm. - pāʾīz-i 1351 [1972]</subfield>
    </datafield>
    <datafield tag="678" ind1=" " ind2=" ">
      <subfield code="b">Deutscher/sächsischer Persienreisender (als "Geheimschreiber"), war von Anfang August bis Ende des Jahres 1603 in "Persien" (als einziger Überlebender einer Gesandtschaft des Kaisers Rudolf II zum Ṣafawidenherrscher Šāh ʿAbbās, ab 1602, von Prag aus über Moskau und Astrachan), genauer in Āzarbāyǧan und Gīlān und darüber hinaus in Transkaukasien; sein Reisebüchlein erschien im Jahre 1608 in Leipzig in der ersten Auflage</subfield>
    </datafield>
    <datafield tag="678" ind1=" " ind2=" ">
      <subfield code="b">Diplomat, Reiseschriftsteller</subfield>
    </datafield>
    <datafield tag="700" ind1="1" ind2="4">
      <subfield code="9">U:Arab</subfield>
      <subfield code="9">L:per</subfield>
      <subfield code="a">ژرژ, تکتاندر</subfield>
      <subfield code="d">1581-1614</subfield>
    </datafield>
    <datafield tag="700" ind1="1" ind2="4">
      <subfield code="9">U:Cyrl</subfield>
      <subfield code="9">L:rus</subfield>
      <subfield code="a">Тектандер, Георг</subfield>
      <subfield code="d">1581-1614</subfield>
    </datafield>
    <datafield tag="913" ind1=" " ind2=" ">
      <subfield code="S">pnd</subfield>
      <subfield code="i">a</subfield>
      <subfield code="a">Tectander, Georg</subfield>
      <subfield code="0">(DE-588a)124896383</subfield>
    </datafield>
  </record>
